<?xml version="1.0" encoding="UTF-8"?><collection xmlns="http://www.loc.gov/MARC21/slim"><record><leader>00495nam--2200181-i-4500</leader><controlfield tag="001">000027884</controlfield><controlfield tag="002">20161230</controlfield><controlfield tag="005">20161230201037</controlfield><controlfield tag="008">060222s1000------------r-----000-0-eng-d</controlfield><datafield ind1=" " ind2=" " tag="040"><subfield code="a">IFIN-HH</subfield></datafield><datafield ind1=" " ind2=" " tag="080"><subfield code="a">519.4</subfield></datafield><datafield ind1="1" ind2=" " tag="100"><subfield code="a">Ledermann, Walter</subfield></datafield><datafield ind1="1" ind2="0" tag="245"><subfield code="a">Introduction to the theory of finite groups</subfield><subfield code="c">Walter ledermann</subfield></datafield><datafield ind1=" " ind2=" " tag="260"><subfield code="a">Edinburg</subfield><subfield code="b">Oliver And Boyd</subfield><subfield code="c">1957</subfield></datafield><datafield ind1=" " ind2=" " tag="300"><subfield code="a">IX + 170P</subfield></datafield><datafield ind1=" " ind2=" " tag="490"><subfield code="a">University Mathemataical Texts</subfield></datafield><datafield ind1=" " ind2=" " tag="852"><subfield code="a">14907</subfield><subfield code="c">519.4</subfield></datafield><datafield ind1=" " ind2=" " tag="CAT"><subfield code="a">Sys</subfield><subfield code="c">20130809</subfield><subfield code="h">130439</subfield></datafield></record></collection>